% !Mode:: "TeX:UTF-8"

@article{ref:1,
  title={Relational databases for querying XML documents: Limitations and opportunities},
  author={He, Jayavel Shanmugasundaram Kristin Tufte Gang and Naughton, Chun Zhang David DeWitt Jeffrey},
  year={2008}
}

@article{ref:2,
  title={基于内存数据库的存储集群的关键技术研究},
  author={张良 and 王纯 and 李炜},
  journal={电信工程技术与标准化},
  volume={25},
  number={10},
  pages={81--84},
  year={2012},
  language={Chinese},
  publisher={万方数据资源系统}
}

@inproceedings{ref:3,
  title={HyPer: A hybrid OLTP\&OLAP main memory database system based on virtual memory snapshots},
  author={Kemper, Alfons and Neumann, Thomas},
  booktitle={Data Engineering (ICDE), 2011 IEEE 27th International Conference on},
  pages={195--206},
  year={2011},
  organization={IEEE}
}

@article{ref:4,
  title={适用于金融监控系统的专用内存数据库系统},
  author={滕小荣 and 张海军 and 李先国},
  journal={微处理机},
  volume={30},
  number={1},
  pages={92--95},
  year={2009},
  language={Chinese},
  publisher={万方数据资源系统}
}


@article{ref:5,
  title={内存数据库在彩铃业务中的应用},
  author={曹猗宣 and 王晶},
  journal={计算机系统应用},
  volume={20},
  number={5},
  pages={38--41},
  year={2011},
  language={Chinese},
  publisher={万方数据资源系统}
}

@article{ref:6,
  title={基于网络内存的内存数据库高效恢复技术},
  author={周晓云 and 覃雄派},
  journal={系统工程理论与实践},
  volume={2},
  year={2011},
  language = {Chinese}
}

@misc{ref:7,
  title = {Oracle TimesTen},
  TypeofLit = {EB/OL},
  url = {http://www.oracle.com/us/products/database}
}%2 


@misc{ref:8,
  title = {IBM solidDB},
  TypeofLit = {EB/OL},
  url = {http://www.ibm.com/software/cn/data/soliddb}
}

@article{ref:9,
  title={Application of main memory database eXtremeDB to wind farms},
  author={JIANG, Yi-fen and YANG, Jun-hua and DENG, Wei and WU, Jie},
  journal={East China Electric Power},
  volume={4},
  pages={016},
  year={2009}
}


@article{ref:10,
  title = {The SAP HANA database-an architecture overview},
  author = {F{\"a}rber, Franz and May, Norman and Lehner, Wolfgang and Gro{\ss}e, Philipp and M{\"u}ller, Ingo and Rauhe, Hannes and Dees, Jonathan},
  journal = {IEEE Data Eng. Bull},
  volume = {35},
  number = {1},
  year = {2012}
}%3


@inproceedings{ref:11,
  title={Extensions to starburst: Objects, types, functions and rules},
  author={Lohman, Guy M and Lindsay, Bruce and Pirahesh, Hamid and Schiefer, Bernhard},
  booktitle={CASCON First Decade High Impact Papers},
  pages={61--77},
  year={2010},
  organization={IBM Corp.}
}

@article{ref:12,
  title={内存数据库关键技术研究},
  author={王珊 and 肖艳芹 and 刘大为 and 覃雄派},
  journal={计算机应用},
  volume={27},
  number={10},
  pages={2353-2357},
  year={2007},
  language = {Chinese}
}

@article{ref:13,
  title={用于内存数据库的 Hash 索引的设计与实现},
  author={袁培森 and 皮德常},
  journal={计算机工程},
  volume={33},
  number={18},
  pages={69-71},
  year={2007},
  language = {Chinese}
}

@inproceedings{ref:14,
  title={A new self-adaptive extendible hash index for flash-based DBMS},
  author={Wang, Li and Wang, Hanhu},
  booktitle={Information and Automation (ICIA), 2010 IEEE International Conference on},
  pages={2519--2524},
  year={2010},
  organization={IEEE}
}

@article{ref:15,
  title={一种基于 hebernate 乐观锁的信息系统开发模型},
  author={王庆喜 and 桑书娟},
  journal={软件},
  volume={33},
  number={4},
  pages={72--73},
  year={2012},
  publisher={万方数据资源系统},
  language = {Chinese}
}

@article{ref:16,
  title={基于影子页面和混合日志的 MMDB 恢复方法},
  author={鲍程锋 and 杨小虎},
  journal={计算机工程与设计},
  volume={32},
  number={7},
  pages={2373--2376},
  year={2011},
  publisher={万方数据资源系统},
  language = {Chinese}
}

@article{ref:17,
  title={嵌入式内存数据库恢复机制的设计与实现},
  author={袁文亮 and 钟宝荣 and 何先平},
  journal={计算机应用与软件},
  volume={29},
  number={1},
  pages={81--83},
  year={2012},
  language = {Chinese}
}

@article{ref:18,
  title={Bigtable 系统主服务器检查点的实现},
  author={王金锁 and 康林 and 费江涛 and 齐学玲},
  journal={兵工自动化},
  volume={31},
  number={2},
  pages={93--96},
  year={2012}
}

@article{ref:19,
  title={多核处理器环境下内存数据库索引性能分析},
  author={郭超 and 李坤 and 王永炎 and 刘胜航 and 王宏安},
  journal={计算机学报},
  volume={1},
  pages={33},
  year={2010},
  language = {Chinese}
}

% 19
@article{ref:20,
  title={高并发集群监控系统中内存数据库的设计与应用},
  author={周游弋 and 董道国 and 金城},
  journal={计算机应用与软件},
  volume={28},
  number={06},
  pages={128-130},
  year={2011},
  language = {Chinese}
}
