% !Mode:: "TeX:UTF-8"

@article{ref:1,
  title={Relational databases for querying XML documents: Limitations and opportunities},
  author={He, Jayavel Shanmugasundaram Kristin Tufte Gang and Naughton, Chun Zhang David DeWitt Jeffrey},
  year={2008}
}

@article{ref:2,
  title={基于内存数据库的存储集群的关键技术研究},
  author={张良 and 王纯 and 李炜},
  journal={电信工程技术与标准化},
  volume={25},
  number={10},
  pages={81--84},
  year={2012},
  language={Chinese},
  publisher={万方数据资源系统}
}

@inproceedings{ref:3,
  title={HyPer: A hybrid OLTP\&OLAP main memory database system based on virtual memory snapshots},
  author={Kemper, Alfons and Neumann, Thomas},
  booktitle={Data Engineering (ICDE), 2011 IEEE 27th International Conference on},
  pages={195--206},
  year={2011},
  organization={IEEE}
}

@article{ref:4,
  title={适用于金融监控系统的专用内存数据库系统},
  author={滕小荣 and 张海军 and 李先国},
  journal={微处理机},
  volume={30},
  number={1},
  pages={92--95},
  year={2009},
  language={Chinese},
  publisher={万方数据资源系统}
}

@misc{ref:5,
  title = {Oracle TimesTen},
  TypeofLit = {EB/OL},
  url = {http://www.oracle.com/us/products/database}
}%2 

@article{ref:6,
  title = {The SAP HANA database-an architecture overview},
  author = {F{\"a}rber, Franz and May, Norman and Lehner, Wolfgang and Gro{\ss}e, Philipp and M{\"u}ller, Ingo and Rauhe, Hannes and Dees, Jonathan},
  journal = {IEEE Data Eng. Bull},
  volume = {35},
  number = {1},
  year = {2012}
}%3


@misc{ref:7,
  title = {Redis},
  author = {antirez},
  TypeofLit = {EB/OL},
  url = {http://redis.io/}
}%4


@misc{ref:8,
  title = {Memcached: a distributed memory object caching system},
  author = {Fitzpatrick, Brad},
  TypeofLit = {EB/OL},
  year = {2009}
}%14

@article{ref:9,
  title = {Redis 源代码分析},
  author = {阮若夷},
  journal = {程序员},
  pages = {118--121},
  year = {2011},
  language = {中文}
}%13

@book{ref:10,
  title={Rapid GUI programming with Python and Qt: the definitive guide to PyQt programming},
  author={Summerfield, Mark},
  year={2008},
  address = {USA},
  publisher={Prentice Hall PTR}
}

@book{ref:11,
  title = {Beginning Python: from novice to professional},
  author = {Hetland, Magnus Lie},
  year = {2008},
  publisher = {Dreamtech Press},
  address = {New York}
}%9

% 10
@techreport{ref:12,
  title={Systems and methods for a distributed in-memory database and distributed cache},
  author={Cattell, Roderic G and Russell, Craig L},
  year={2012},
  month="December",
  note={EP Patent 1,840,766}
}

% 11
@techreport{ref:13,
  title={Managing Data Storage as an In-Memory Database in a Database Management System},
  author={Gurajada, Aditya P and Eluri, Amarnadh Sai and Nalawade, Vaibhav A and Wu, Jian and Wood, Daniel Alan and Wang, Yanhong},
  year={2010},
  month="March",
  note={US Patent App. 12/726,063}
}

% 12
@techreport{ref:14,
  title={Distributed Consistent Grid of In-Memory Database Caches},
  author={Hoang, Chi and Lahiri, Tirthankar and Neimat, Marie-Anne and Wang, Chih-Ping and Miller, John and Thomas, Dilys and Bandi, Nagender and Cheng, Susan},
  year={2009},
  month="September",
  note={US Patent App. 12/562,928}
}

% 15
@article{ref:15,
  title={内存数据库关键技术研究},
  author={王珊 and 肖艳芹 and 刘大为 and 覃雄派},
  journal={计算机应用},
  volume={27},
  number={10},
  pages={2353-2357},
  year={2007},
  language = {Chinese}
}

% 16
@article{ref:16,
  title={一种高效内存数据库设计},
  author={陆宏},
  journal={指挥信息系统与技术},
  volume={3},
  number={1},
  pages={81-84},
  year={2012}
}

% 17
@article{ref:17,
  title={多核处理器环境下内存数据库索引性能分析},
  author={郭超 and 李坤 and 王永炎 and 刘胜航 and 王宏安},
  journal={计算机学报},
  volume={1},
  pages={33},
  year={2010},
  language = {Chinese}
}

% 18
@article{ref:18,
  title={用于内存数据库的 Hash 索引的设计与实现},
  author={袁培森 and 皮德常},
  journal={计算机工程},
  volume={33},
  number={18},
  pages={69-71},
  year={2007},
  language = {Chinese}
}

% 19
@article{ref:19,
  title={高并发集群监控系统中内存数据库的设计与应用},
  author={周游弋 and 董道国 and 金城},
  journal={计算机应用与软件},
  volume={28},
  number={06},
  pages={128-130},
  year={2011},
  language = {Chinese}
}

% 20
@article{ref:20,
  title={内存数据库可控的 page-color 优化技术研究},
  author={张延松 and 王占伟 and 孙妍 and 王珊},
  journal={计算机研究与发展},
  volume={48},
  number={z2},
  year={2011},
  language = {Chinese}
}