% !Mode:: "TeX:UTF-8"

@inproceedings{ammann1985design,
  title={Design of a memory resident DBMS},
  author={Ammann, A and Hanrahan, Maria and Krishnamurthy, Ravi},
  booktitle={IEEE COMPCON},
  year={1985}
}

@inproceedings{bitton1987performance,
  title={Performance of complex queries in main memory database systems},
  author={Bitton, Dina and Hanrahan, Maria and Turbyfill, Carolyn},
  booktitle={Proceedings of the Third International Conference on Data Engineering},
  pages={72--81},
  year={1987},
  organization={IEEE Computer Society}
}

@inproceedings{copeland1989case,
  title={The case for safe RAM},
  author={Copeland, G and Keller, T and Krishnamurthy, R and Smith, M},
  booktitle={Proceedings of the 15th international conference on Very large data bases},
  pages={327--335},
  year={1989},
  organization={Morgan Kaufmann Publishers Inc.}
}

@article{copeland1990uniform,
  title={Uniform object management},
  author={Copeland, George and Franklin, Michael and Weikum, Gerhard},
  journal={Advances in Database Technologyâ€”EDBT'90},
  pages={253--268},
  year={1990},
  publisher={Springer}
}

@book{dewitt1984implementation,
  title={Implementation techniques for main memory database systems},
  author={DeWitt, David J and Katz, Randy H and Olken, Frank and Shapiro, Leonard D and Stonebraker, Michael R and Wood, David A},
  volume={14},
  number={2},
  year={1984},
  publisher={ACM}
}

@book{eich1989classification,
  title={A classification and comparison of main memory database recovery techniques},
  author={Eich, Margaret H},
  year={1989},
  publisher={IEEE Press}
}

@article{eich1988mars,
  title={MARS: The design of a main memory database machine},
  author={Eich, Margaret H},
  journal={Database Machines and Knowledge Base Machines},
  volume={43},
  pages={325},
  year={1988},
  publisher={Springer}
}


@inproceedings{garcia1987high,
  title={High performance transaction processing with memory resident data},
  author={Garcia-Molina, Hector and Salem, Kenneth},
  booktitle={International Workshop on High Performance Transaction Systems},
  year={1987}
}

@article{gawlick1985varieties,
  title={Varieties of concurrency control in IMS/VS fast path},
  author={Gawlick, Dieter and Kinkade, David},
  journal={Database Engineering Bulletin},
  volume={8},
  number={2},
  pages={3--10},
  year={1985}
}

@inproceedings{gray19875,
  title={The 5 minute rule for trading memory for disc accesses and the 10 byte rule for trading memory for CPU time},
  author={Gray, Jim and Putzolu, Franco},
  booktitle={ACM SIGMOD Record},
  volume={16},
  number={3},
  pages={395--398},
  year={1987},
  organization={ACM}
}

@article{reuter1993transaction,
  title={Transaction Processing: Concepts and Techniques,>},
  author={Reuter, Gray JA and Gray, Jim},
  journal={MorganKaufmann, San Mateo, CA},
  year={1993}
}

@inproceedings{gruenwald1991mmdb,
  title={MMDB reload algorithms},
  author={Gruenwald, Le and Eich, Margaret H},
  booktitle={ACM SIGMOD Record},
  volume={20},
  number={2},
  pages={397--405},
  year={1991},
  organization={ACM}
}

@article{hagmann1986crash,
  title={A crash recovery scheme for a memory-resident database system},
  author={Hagmann, Robert B.},
  journal={Computers, IEEE Transactions on},
  volume={100},
  number={9},
  pages={839--843},
  year={1986},
  publisher={IEEE}
}

@article{kim1986synchronized,
  title={Synchronized disk interleaving},
  author={Kim, Michelle Y.},
  journal={Computers, IEEE Transactions on},
  volume={100},
  number={11},
  pages={978--988},
  year={1986},
  publisher={IEEE}
}

@inproceedings{lehman1986query,
  title={Query processing in main memory database management systems},
  author={Lehman, Tobin J and Carey, Michael J},
  booktitle={ACM SIGMOD Record},
  volume={15},
  number={2},
  pages={239--250},
  year={1986},
  organization={ACM}
}


@inproceedings{lehman1986study,
  title={A study of index structures for main memory database management systems},
  author={Lehman, Tobin J and Carey, Michael J},
  booktitle={Conference on Very Large Data Bases},
  volume={294},
  year={1986}
}

@inproceedings{lehman1987recovery,
  title={A recovery algorithm for a high-performance memory-resident database system},
  author={Lehman, Tobin J and Carey, Michael J},
  booktitle={International Conference on Management of Data: Proceedings of the 1987 ACM SIGMOD international conference on Management of data: San Francisco, California, United States},
  volume={27},
  number={29},
  pages={104--117},
  year={1987}
}

@inproceedings{li2000multiprocessor,
  title={Multiprocessor main memory transaction processing},
  author={Li, Kai and Naughton, Jeffrey F},
  booktitle={Proceedings of the first international symposium on Databases in parallel and distributed systems},
  pages={177--187},
  year={2000},
  organization={IEEE Computer Society Press}
}


@book{patterson1988case,
  title={A case for redundant arrays of inexpensive disks (RAID)},
  author={Patterson, David A and Gibson, Garth and Katz, Randy H},
  volume={17},
  number={3},
  year={1988},
  publisher={ACM}
}

@inproceedings{pucheral1990efficient,
  title={Efficient Main Memory Data Management Using the DBGraph Storage Model},
  author={Pucheral, Philippe and Th{\'e}venin, Jean-Marc and Valduriez, Patrick},
  booktitle={Proceedings of the 16th International Conference on Very Large Data Bases},
  pages={683--695},
  year={1990},
  organization={Morgan Kaufmann Publishers Inc.}
}


@article{reuter1984performance,
  title={Performance analysis of recovery techniques},
  author={Reuter, Andreas},
  journal={ACM Transactions on Database Systems (TODS)},
  volume={9},
  number={4},
  pages={526--559},
  year={1984},
  publisher={ACM}
}

@inproceedings{salem1986disk,
  title={DISK STRIPING t},
  author={Salem, Kenneth and Garcia-Molina, Hector},
  booktitle={International Conference on Data Engineering, February 5-7, 1986, Bonaventure Hotel, Los Angeles, California, USA.},
  pages={336},
  year={1986},
  organization={IEEE Computer Society Press}
}

@inproceedings{salem1989checkpointing,
  title={Checkpointing memory-resident databases},
  author={Salem, Kenneth and Garcia-Molina, Hector},
  booktitle={Data Engineering, 1989. Proceedings. Fifth International Conference on},
  pages={452--462},
  year={1989},
  organization={IEEE}
}

@article{salem1990system,
  title={System M: A transaction processing testbed for memory resident data},
  author={Salem, Kenneth and Garcia-Molina, Hector},
  journal={Knowledge and Data Engineering, IEEE Transactions on},
  volume={2},
  number={1},
  pages={161--172},
  year={1990},
  publisher={IEEE}
}

@inproceedings{stonebraker1991managing,
  title={Managing persistent objects in a multi-level store},
  author={Stonebraker, Michael},
  booktitle={International Conference on Management of Data: Proceedings of the 1991 ACM SIGMOD international conference on Management of data: Denver, Colorado, United States},
  volume={29},
  number={31},
  pages={2--11},
  year={1991}
}

@article{whang1990query,
  title={Query optimization in a memory-resident domain relational calculus database system},
  author={Whang, Kyu-Young and Krishnamurthy, Ravi},
  journal={ACM Transactions on Database Systems (TODS)},
  volume={15},
  number={1},
  pages={67--95},
  year={1990},
  publisher={ACM}
}
