% !Mode:: "TeX:UTF-8"

@book{ref:1,
  title = {现代数据库技术},
  author = {刘云生},
  year = {2001},
  address = {北京},
  publisher = {国防工业出版社},
  language = {中文}
}%16

@phdthesis{ref:2,
  title = {面向应用的内存数据库研究},
  author = {徐海华},
  year = {2008},
  school  = {上海师范大学},
  address = {上海},
  language = {中文}
}%6

@article{ref:3,
  title = {高并发集群监控系统中内存数据库的设计与应用},
  author = {周游弋 and 董道国 and 金城},
  journal = {计算机应用与软件},
  volume = {28},
  number = {06},
  pages = {128-130},
  year = {2011},
  language = {中文},
}%19

@article{ref:4,
  title = {基于移动定位的云平台方案的研究与实现},
  author = {郑宗苗 and 王国明},
  journal = {计算机与现代化},
  number = {4},
  pages = {180--183},
  year = {2013},
  language = {中文}
}%1

@misc{bworld,
  title = {Oracle TimesTen},
  TypeofLit = {EB/OL},
  url = {http://www.oracle.com/us/products/database}
}%2 
  url = {http://www.oracle.com/us/products/database/timesten}
  title = {Oracle TimesTen in-memory database},



@article{farber2012sap,
  title = {The SAP HANA database-an architecture overview},
  author = {F{\"a}rber, Franz and May, Norman and Lehner, Wolfgang and Gro{\ss}e, Philipp and M{\"u}ller, Ingo and Rauhe, Hannes and Dees, Jonathan},
  journal = {IEEE Data Eng. Bull},
  volume = {35},
  number = {1},
  year = {2012}
}%3


@misc{web:Redis,
  title = {Redis},
  author = {antirez},
  TypeofLit = {EB/OL},
  url = {http://redis.io/}
}%4


@misc{web:SQLite,
  title = {SQLite Home Page},
  TypeofLit = {EB/OL},
  url = {http://www.sqlite.org/}
}%5


@misc{fitzpatrick2009memcached,
  title = {Memcached: a distributed memory object caching system},
  author = {Fitzpatrick, Brad},
  TypeofLit = {EB/OL},
  year = {2009}
}%14


@article{2008memcached,
  title = {Memcached 在大型网站中的应用},
  author = {俞华锋},
  journal = {科技信息},
  volume = {1},
  pages = {70--70},
  year = {2008},
  language = {中文}
}%7

@inproceedings{decandia2007dynamo,
  title = {Dynamo: amazon's highly available key-value store},
  author = {DeCandia, Giuseppe and Hastorun, Deniz and Jampani, Madan and Kakulapati, Gunavardhan and Lakshman, Avinash and Pilchin, Alex and Sivasubramanian, Swaminathan and Vosshall, Peter and Vogels, Werner},
  booktitle = {ACM Symposium on Operating Systems Principles: Proceedings of twenty-first ACM SIGOPS symposium on Operating systems principles},
  volume = {14},
  number = {17},
  pages = {205-220},
  year = {2007}
}%15


@article{ref:12,
  title = {利用日志进行 MYSQL 数据库实时恢复},
  author = {李晨光},
  journal = {黑客防线},
  number = {003},
  pages = {77--79},
  year = {2010},
  language = {中文}
}%8


@mastersthesis{ref:13,
  title = {湖南移动网管集中云存储平台搭建与测试},
  author = {郝伟},
  year = {2010},
  school = {中南大学},
  address = {长沙}
}%20


@book{hetland2008beginning,
  title = {Beginning Python: from novice to professional},
  author = {Hetland, Magnus Lie},
  year = {2008},
  publisher = {Dreamtech Press},
  address = {New York}
}%9


@misc{web:PyQT4,
  title = {PyQT4},
  TypeofLit = {EB/OL},
  url = {http://www.riverbankcomputing.co.uk/software/pyqt}
}%10

@book{macedo2011redis,
  title={Redis Cookbook},
  author={Macedo, Tiago and Oliveira, Fred},
  year={2011},
  address = {Sebastopol},
  publisher={O'Reilly Media}
}

@book{weiss2004,
  title = {数据结构与算法分析: C 语言描述},
  author = {Weiss, Mark Allen},
  year = {2004},
  publisher = {机械工业出版社},
  address = {北京},
  language = {中文}
}%11

@article{ref:18,
  title = {数据结构 (C 语言版)},
  author = {严蔚敏 and 李冬梅 and 吴伟民},
  journal = {计算机教育},
  volume = {12},
  pages = {017},
  year = {2012},
  language = {中文}
}%17

@article{ref:19,
  title = {Redis 源代码分析},
  author = {阮若夷},
  journal = {程序员},
  pages = {118--121},
  year = {2011},
  language = {中文}
}%13

@misc{web:LibLZF,
  title = {Marc Lehmann's "LibLZF"},
  TypeofLit = {EB/OL},
  url = {http://oldhome.schmorp.de/marc/liblzf.html}
}%18
